2684 4676
551 401 556 410 ι
634 389 639 396 ,
682 297 766 424 v'198

110 699 114 710 .
227 623 402 708 Pravo
386 648 429 700 m
456 621 583 701 verbis
607 625 770 728 singulis
788 608 1011 726 premendis
1035 621 1162 742 sublit·
1147 635 1250 698 etan
1328 587 1330 638 l

257 769 385 840 Hie
406 792 505 856 vcro,
531 749 576 840 ιιι
603 772 641 840 in
664 769 820 842 omnibns
848 769 918 838 fere
943 770 1043 838 rebus
1069 731 1249 851 bumanis,

134 877 136 882 ’
230 879 408 962 ιἰιιιιιίιιιιι
436 872 555 959 vitium
585 892 734 961 vicinum
764 888 1025 956 tutamentis
1058 889 1149 980 qui
1141 908 1249 956 curas

232 1023 400 1080 accuratas
419 1026 453 1077 et
473 973 609 1096 siirgulis
632 1009 743 1080 verbis
767 1023 801 1076 et
822 1007 967 1076 orationi
988 1024 1148 1076 contextae
1170 1007 1249 1072 im-

217 1125 370 1222 pendit,
404 1128 510 1201 nimio
535 1151 740 1224 quamquam
766 1122 909 1195 honesto
932 1124 1043 1195 studio
1064 1147 1152 1216 saepe
1174 1123 1248 1192 ad·-

181 1244 182 1255 ’
210 1222 213 1230 ,
234 1248 353 1314 ductus
374 1263 442 1330 est,
464 1263 502 1314 ut
523 1246 648 1316 litteras
669 1247 922 1338 litterarumque
945 1227 1054 1336 apices
1075 1235 1267 1342 subtiliter'

234 1361 324 1432 ultra
349 1365 489 1434 modum
511 1365 701 1464 rimaretur.
741 1363 837 1436 Nihil
861 1361 988 1458 quippe
1011 1355 1136 1430 calamo
1159 1382 1249 1428 cnr·-

232 1499 328 1550 rente
344 1481 514 1578 scriptum
536 1468 608 1577 esse
631 1479 798 1574 concedit,
827 1483 864 1550 in
882 1481 1028 1550 minutiis
1051 1479 1246 1572 quibusque

233 1599 378 1684 baesitat,
408 1601 547 1674 sollicite
569 1604 695 1698 ubique
724 1625 897 1696 quaerens,
932 1624 1037 1692 qnare
1057 1599 1123 1666 hoc
1141 1594 1248 1690 posi-

233 1734 328 1802 tum,
346 1717 433 1789 illud
456 1723 614 1792 omissum
637 1724 696 1804 sit,
721 1743 825 1812 quare
845 1718 898 1789 his
915 1717 1046 1802 verbis,
1073 1716 1137 1790 boc
1156 1735 1247 1782 ver-

233 1837 358 1907 borum
376 1822 520 1908 numero
541 1858 575 1910 ct
592 1839 713 1910 ordine
734 1830 845 1936 neque
861 1833 927 1906 alio
947 1819 1149 1930 quoeunque
1165 1831 1246 1935 ιιιιυι
1331 1869 1332 1938 3

212 1941 309 2024 'tum
330 1955 384 2040 sit,
406 1981 516 2052 neque
535 1959 776 2057 interrogando
796 1959 891 2054 prius
908 1951 1010 2022 finem
1033 1951 1122 2036 facit,
1142 1973 1245 2044 quam

237 2071 403 2142 nodum
391 2100 428 2144 ιιι
445 2077 558 2170 scirpo
582 2079 734 2150 invenire
757 2075 946 2162 contigerit.
990 2075 1032 2140 In
1051 2069 1118 2140 boc
1132 2085 1243 2136 autem

57 2259 60 2281 ,
111 2177 113 2184 ’
160 2223 164 2236 ·
237 2193 335 2260 toties
353 2179 525 2264 latendum
544 2215 594 2266 est
611 2192 833 2283 Augustinum
851 2214 1028 2288 peccasse,
1051 2206 1090 2258 ut
1108 2185 1243 2260 difficile

67 2307 71 2316 '
238 2305 331 2378 dictu
360 2313 422 2397 sit,
463 2309 653 2384 fueritne
641 2340 679 2383 m
708 2315 809 2384 rebus
840 2309 992 2380 facilibus
1023 2305 1244 2402 impediendis

109 2517 112 2526 Ι
199 2443 200 2448 ’
237 2430 349 2516 maior
376 2454 422 2505 sn
454 2432 492 2516 in
527 2405 719 2503 difficilibus
755 2427 990 2532 expediendis3
1035 2419 1144 2522 ireque
1172 2447 1245 2493 uno

103 2565 122 2638 '¹
237 2543 342 2617 modo
363 2547 417 2618 vel
431 2574 497 2619 una
515 2552 646 2625 ratione
668 2552 785 2622 ductus
803 2546 945 2620 inillam
961 2545 1082 2616 incidit
1102 2543 1247 2640 culpam.

238 2661 345 2736 Nunc
372 2667 481 2752 enim,
510 2670 539 2738 si
571 2647 655 2764 quid
669 2741 671 2748 ,
683 2669 810 2740 dictum
831 2669 868 2738 in
896 2664 993 2734 libris
1020 2663 1121 2734 sacris
1149 2671 1247 2745 esseio
1332 2687 1333 2706 ¹

240 2783 334 2876 quod
353 2787 516 2855 hereticis
534 2784 645 2856 favere
665 2781 720 2856 rel
740 2783 898 2877 pietatem
917 2783 1088 2854 offendere
1107 2780 1248 2852 videbe·
1332 2837 1333 2844 ,

240 2918 310 2984 tur,
329 2917 439 2998 neque
454 2887 687 2987 allegoriarum
702 2904 827 2971 artibus
849 2901 1026 2973 commode
1041 2902 1134 2973 locus
1149 2915 1249 2995 pate·-

92 3005 93 3014 ’
175 3049 187 3122 ι’
239 3027 304 3103 ret,
320 3022 365 3092 in
387 3023 569 3093 verborum
590 3017 716 3090 litteras
734 3019 921 3115 premendo
944 3020 1203 3114 urgendoquo'
1191 3043 1251 3086 rn-

241 3131 367 3224 cubuit,
389 3157 428 3210 ut
442 3129 557 3244 sensus
571 3127 725 3230 religioni
740 3141 994 3236 convenientior
1009 3141 1133 3222 exiret,
1156 3159 1252 3204 nunc

184 3241 190 3278 ³
240 3281 341 3342 vero,
365 3275 403 3354 ut
423 3233 629 3345 dogmatibus
648 3258 704 3328 vel
725 3258 916 3346 dogmaticis
937 3229 1082 3374 ecclesia
1106 3253 1254 3325 decretis

136 3381 140 3398 ‘
240 3394 436 3460 argumenta
463 3381 551 3448 nova
580 3374 846 3462 adstruerentur,
876 3380 980 3448 verba
1002 3346 1088 3447 artis
1114 3371 1254 3444 subtili-

121 3541 124 3552 «
202 3565 205 3570 ,
242 3508 309 3561 tate
323 3497 526 3588 torquebat,
542 3497 688 3590 denique
707 3499 768 3591 qui
785 3499 919 3585 ingenio
946 3495 1140 3566 exuberanti
1162 3509 1254 3562 tem-

243 3635 363 3706 perare
385 3637 561 3716 nunquana
579 3613 757 3702 didicerat,
766 3607 878 3712 saepe
901 3603 1034 3688 videtur
1061 3609 1127 3684 alio
1153 3606 1254 3680 nullo

246 3727 387 3802 consilio
411 3735 477 3804 boc
500 3733 631 3808 lusuum
653 3759 755 3824 genus
778 3737 979 3842 adhibuisse,
1010 3734 1075 3805 nisi
1095 3749 1133 3802 ut
1151 3729 1254 3822 genio

181 3950 186 3958 ‚
244 3841 430 3941 indulgeret
450 3854 581 3950 sibique
604 3843 739 3924 delicias
762 3869 900 3924 crearet.

317 3968 501 4066 Exempla
521 3973 653 4042 abunde
675 3967 779 4044 multa
797 3971 927 4059 adsunt,
952 3996 992 4044 ex
1014 3970 1156 4103 quibus
1159 3991 1256 4038 non-

214 4088 341 4162 nulla
361 4086 480 4159 afferre
503 4079 657 4176 ιιιιιιιιιι.Ι
769 4079 783 4091 ’
